<!DOCTYPE html>
<div class="annotatorhidden" data-notestring="gameurl#https://replay.pokemonshowdown.com/gen8doublesuu-1241856557-qcpz4o0ob65nrh4mxjtjab46xsdorr6pw
annotator#Actuarily
nochat#1
notime#1
0# Immediately I don&#x27;t like this matchup. I&#x27;m running fullroom and Zikam has brought two priority attackers (Azumarill and Scizor), and two damage sponges (Chansey and Blastoise) and Blastoise has FO, to help stall TR turns. Right away I know I have to prevent Azu from getting off a belly drum, and I predict oppo will try to lead it to get the BD off while I&#x27;m trying to get off TR. I chose to lead Victini + P2, assuming opponent would lead Blastoise + Azu. My plan was to Final Gambit and thunderbolt the azu slot, assuming my opponent would either FO one of my mons and belly drum, or follow me with Toise + belly drum. If FO, I would ko azu, and if follow me then I&#x27;d ko the blastoise with final gambit, and KO azu with thunderbolt after he halves HP with Belly Drum. If opponent leads something else, I can always just FG + TR.
0*# Opponent leads scizor + Azu. So I know that Victini is exerting a ton of pressure on the Scizor, so opponent will have to switch it out. I want to save Victini for later to take out the scizor, as my team is a little steel weak. So I can just trick choice scarf onto Azu, locking it into either an attack or BD, and preventing it from getting a +6 boost and then firing of aqua jets. Then I can just TR with my P2.
1*# Turn 1 went perfectly. If it hadn&#x27;t gone this well, I don&#x27;t think I win this match.
2# Since Azu is locked in to BD, and Blastoise isn&#x27;t an offensive threat, I can free switch into two TR attackers. I choose Lurantis + Gigalith since Gigalith is my best spread attacker, and Lurantis can start firing off superpowers to get att and defense boosts.
3# Now I&#x27;m in a great position. I can simply Rock slide + Superpower the Chansey. I can get big damage on opponent&#x27;s damage sponges.
3*# Opponent makes the right play, sacrificing the crippled Azumarill. I think a flip turn here from Blastoise would make more sense than Toxic, as opponent could then flip turn into a priority attacker like Scizor, and then bring in Blastoise in the Ko&#x27;d Azumarill slot and Fake out.
4# I know Gigalith can take a bullet punch, so I decide to Rock slide + Superpower the Scizor.
4*# Opponent makes the correct play here, as Blastoise would survive a rock slide and then be koed by the Superpower. Opponent wisely chooses to take out the Lurantis. I should have seen this play coming and switched into P2 here, saving my Lurantis as it&#x27;s great against Chansey.
5# I bring in P2 here, as it can take out either the Landorus or the Naganadel with Ice beam or the scizor with thunderbolt, and since there&#x27;s one turn of TR left it can then be able to set up another TR. I feel extremely confident about this position. 
5*# Aaaanndd my opponent makes a fantastic play that I don&#x27;t see coming. Ban Ally Switch. 
6# Now my opponent is in a really strong position, able to take out my P2 with a second earth power + Seismic toss. I also worry that my opponent may ally switch again, and instead take out my Gigalith. I try to hedge my options by trick rooming on P2, and bringing in Sylveon. If opponent takes out P2, then Sylveon is in at full health and I can bring in either Oranguru and set up another TR, or Victini and FG the Landorus. (This line of thinking is a mistake!!!) If opponent takes out Gigalith, then I&#x27;ve got another TR up.
6*# Opponent wisely takes out P2, not allowing me to get up another TR.
7# I bring in Victini, thinking I can get off a FG on Landorus. I FORGOT I TRICKED MY CHOICE SCARF MEANING LANDORUS IS FASTER. Now my opponent can Earth Power Victini, and I have nothing that can switch in on this. (oranguru can take 1, but it would be ko&#x27;ed the following turn.) I start thinking this is exactly why I don&#x27;t run full room, it sucks after the first TR. (I should be spending this mental energy coming up with a plan, but this is exactly what happens when you&#x27;re in a bad position, you start to panic.) I eventually decide that my only play is to V Create the Chansey and hyper Voice. I recognize that my opponent will earth power Victini to KO, and then I will bring in Oranguru for Victini and I should be able to take an earth power + seismic toss, and get up TR.
7*# Instead my opponent chooses to sludge bomb the Sylveon. I think my opponent&#x27;s best play was to earth power Victini, and then softboil so that Chansey would be full health and able to stall out more turns in the future. But since sludge bomb does not KO, I&#x27;m able to V-create the chansey, getting the KO, and then hyper voice at a single target, meaning it&#x27;s strong enough to KO Landorus.
8# I decide to save Victini, expecting a draco meteor on my Victini and bullet punch on Sylveon, and I need Victini to take out the Scizor. Once Naganadel is at 0.5x SPA, it isn&#x27;t much of a threat anymore. So I choose to switch in Gigalith, who I know can take a Draco Meteor, and sacrifice my Sylveon, by clicking hyper voice.
9# From here I can just V-create the Scizor and rock slide the Naganadel to death. GG to Zikam, who&#x27;s an excellent player and a great part of the doubles community." data-p1="actuarily" data-p2="Zikam" data-gameformat="gen8doublesuu" data-credit="Actuarily" data-gameid="gen8doublesuu-1241856557">
<meta charset="utf-8" />
<!-- version 1 -->
<title>gen8doublesuu replay: actuarily vs. Zikam, annotated by Actuarily</title>
<style>
html,body {font-family:Verdana, sans-serif;font-size:10pt;margin:0;padding:0;}body{padding:12px 0;} .battle-log {font-family:Verdana, sans-serif;font-size:10pt;} .battle-log-inline {border:1px solid #AAAAAA;background:#EEF2F5;color:black;max-width:640px;margin:0 auto 80px;padding-bottom:5px;} .battle-log .inner {padding:4px 8px 0px 8px;} .battle-log .inner-preempt {padding:0 8px 4px 8px;} .battle-log .inner-after {margin-top:0.5em;} .battle-log h2 {margin:0.5em -8px;padding:4px 8px;border:1px solid #AAAAAA;background:#E0E7EA;border-left:0;border-right:0;font-family:Verdana, sans-serif;font-size:13pt;} .battle-log .chat {vertical-align:middle;padding:3px 0 3px 0;font-size:8pt;} .battle-log .chat strong {color:#40576A;} .battle-log .chat em {padding:1px 4px 1px 3px;color:#000000;font-style:normal;} .chat.mine {background:rgba(0,0,0,0.05);margin-left:-8px;margin-right:-8px;padding-left:8px;padding-right:8px;} .spoiler {color:#BBBBBB;background:#BBBBBB;padding:0px 3px;} .spoiler:hover, .spoiler:active, .spoiler-shown {color:#000000;background:#E2E2E2;padding:0px 3px;} .spoiler a {color:#BBBBBB;} .spoiler:hover a, .spoiler:active a, .spoiler-shown a {color:#2288CC;} .chat code, .chat .spoiler:hover code, .chat .spoiler:active code, .chat .spoiler-shown code {border:1px solid #C0C0C0;background:#EEEEEE;color:black;padding:0 2px;} .chat .spoiler code {border:1px solid #CCCCCC;background:#CCCCCC;color:#CCCCCC;} .battle-log .rated {padding:3px 4px;} .battle-log .rated strong {color:white;background:#89A;padding:1px 4px;border-radius:4px;} .spacer {margin-top:0.5em;} .message-announce {background:#6688AA;color:white;padding:1px 4px 2px;} .message-announce a, .broadcast-green a, .broadcast-blue a, .broadcast-red a {color:#DDEEFF;} .broadcast-green {background-color:#559955;color:white;padding:2px 4px;} .broadcast-blue {background-color:#6688AA;color:white;padding:2px 4px;} .infobox {border:1px solid #6688AA;padding:2px 4px;} .infobox-limited {max-height:200px;overflow:auto;overflow-x:hidden;} .broadcast-red {background-color:#AA5544;color:white;padding:2px 4px;} .message-learn-canlearn {font-weight:bold;color:#228822;text-decoration:underline;} .message-learn-cannotlearn {font-weight:bold;color:#CC2222;text-decoration:underline;} .message-effect-weak {font-weight:bold;color:#CC2222;} .message-effect-resist {font-weight:bold;color:#6688AA;} .message-effect-immune {font-weight:bold;color:#666666;} .message-learn-list {margin-top:0;margin-bottom:0;} .message-throttle-notice, .message-error {color:#992222;} .message-overflow, .chat small.message-overflow {font-size:0pt;} .message-overflow::before {font-size:9pt;content:'...';} .subtle {color:#3A4A66;}
</style>
<div class="wrapper replay-wrapper" style="max-width:1180px;margin:0 auto">
<input type="hidden" name="replayid" value="gen8doublesou-1242171884" />
<div class="battle"></div><div class="battle-log"></div><div class="replay-controls"></div><div class="replay-controls-2"></div>
<h1 style="font-weight:normal;text-align:center"><strong>gen8doublesuu</strong><br />actuarily vs. Zikam<br />annotated by Actuarily</h1>
<script type="text/plain" class="battle-log-data">
|raw|<div class="broadcast-red"><strong>This battle is invite-only!</strong><br />Users must be invited with <code>/invite</code> (or be staff) to join</div>
|t:|1607720470
|player|p1|actuarily|roughneck|
|player|p2|Zikam|lass-gen7|
|teamsize|p1|6
|teamsize|p2|6
|gametype|doubles
|gen|8
|tier|[Gen 8] Doubles UU
|clearpoke
|poke|p1|Victini|
|poke|p1|Gigalith, F|
|poke|p1|Lurantis, M|
|poke|p1|Oranguru, M|
|poke|p1|Sylveon, F|
|poke|p1|Porygon2|
|poke|p2|Naganadel|
|poke|p2|Scizor, F|
|poke|p2|Blastoise, F|
|poke|p2|Landorus, M|
|poke|p2|Azumarill, M|
|poke|p2|Chansey, F|
|rule|Species Clause: Limit one of each Pokémon
|rule|OHKO Clause: OHKO moves are banned
|rule|Evasion Moves Clause: Evasion moves are banned
|rule|Gravity Sleep Clause: The combination of sleep-inducing moves with imperfect accuracy and Gravity or Gigantamax Orbeetle are banned
|rule|Endless Battle Clause: Forcing endless battles is banned
|rule|HP Percentage Mod: HP is shown in percentages
|rule|Dynamax Clause: You cannot dynamax
|rule|Swagger Clause: Swagger is banned
|teampreview
|c| ANNOTATION by Actuarily|Immediately I don't like this matchup. I'm running fullroom and Zikam has brought two priority attackers (Azumarill and Scizor), and two damage sponges (Chansey and Blastoise) and Blastoise has FO, to help stall TR turns. Right away I know I have to prevent Azu from getting off a belly drum, and I predict oppo will try to lead it to get the BD off while I'm trying to get off TR. I chose to lead Victini + P2, assuming opponent would lead Blastoise + Azu. My plan was to Final Gambit and thunderbolt the azu slot, assuming my opponent would either FO one of my mons and belly drum, or follow me with Toise + belly drum. If FO, I would ko azu, and if follow me then I'd ko the blastoise with final gambit, and KO azu with thunderbolt after he halves HP with Belly Drum. If opponent leads something else, I can always just FG + TR.
|
|t:|1607720540
|start
|switch|p1a: Victini|Victini|100/100
|switch|p1b: Porygon2|Porygon2|100/100
|switch|p2a: Scizor|Scizor, F|100/100
|switch|p2b: Azumarill|Azumarill, M|100/100
|-ability|p1b: Porygon2|Download|boost
|-boost|p1b: Porygon2|spa|1
|c| ANNOTATION by Actuarily|Opponent leads scizor + Azu. So I know that Victini is exerting a ton of pressure on the Scizor, so opponent will have to switch it out. I want to save Victini for later to take out the scizor, as my team is a little steel weak. So I can just trick choice scarf onto Azu, locking it into either an attack or BD, and preventing it from getting a +6 boost and then firing of aqua jets. Then I can just TR with my P2.
|turn|1
|
|t:|1607720593
|switch|p2a: Blastoise|Blastoise, F|100/100
|move|p1a: Victini|Trick|p2b: Azumarill
|-activate|p1a: Victini|move: Trick|[of] p2b: Azumarill
|-item|p2b: Azumarill|Choice Scarf|[from] move: Trick
|-item|p1a: Victini|Sitrus Berry|[from] move: Trick
|move|p2b: Azumarill|Belly Drum|p2b: Azumarill
|-damage|p2b: Azumarill|50/100
|-setboost|p2b: Azumarill|atk|6|[from] move: Belly Drum
|move|p1b: Porygon2|Trick Room|p1b: Porygon2
|-fieldstart|move: Trick Room|[of] p1b: Porygon2
|
|upkeep
|c| ANNOTATION by Actuarily|Turn 1 went perfectly. If it hadn't gone this well, I don't think I win this match.
|turn|2
|c| ANNOTATION by Actuarily|Since Azu is locked in to BD, and Blastoise isn't an offensive threat, I can free switch into two TR attackers. I choose Lurantis + Gigalith since Gigalith is my best spread attacker, and Lurantis can start firing off superpowers to get att and defense boosts.
|
|t:|1607720654
|switch|p1b: Gigalith|Gigalith, F|100/100
|-weather|Sandstorm|[from] ability: Sand Stream|[of] p1b: Gigalith
|switch|p2b: Chansey|Chansey, F|100/100
|switch|p1a: Lurantis|Lurantis, M|100/100
|move|p2a: Blastoise|Fake Out|p1a: Lurantis
|-damage|p1a: Lurantis|91/100
|
|-weather|Sandstorm|[upkeep]
|-damage|p1a: Lurantis|85/100|[from] Sandstorm
|-damage|p2b: Chansey|94/100|[from] Sandstorm
|-damage|p2a: Blastoise|94/100|[from] Sandstorm
|upkeep
|turn|3
|c| ANNOTATION by Actuarily|Now I'm in a great position. I can simply Rock slide + Superpower the Chansey. I can get big damage on opponent's damage sponges.
|
|t:|1607720692
|switch|p2b: Azumarill|Azumarill, M|50/100
|move|p1b: Gigalith|Rock Slide|p2b: Azumarill|[spread] p2a,p2b
|-damage|p2a: Blastoise|58/100
|-damage|p2b: Azumarill|0 fnt
|faint|p2b: Azumarill
|move|p1a: Lurantis|Superpower|p2a: Blastoise
|-damage|p2a: Blastoise|28/100
|-boost|p1a: Lurantis|atk|1
|-boost|p1a: Lurantis|def|1
|-enditem|p2a: Blastoise|Sitrus Berry|[eat]
|-heal|p2a: Blastoise|53/100|[from] item: Sitrus Berry
|move|p2a: Blastoise|Toxic|p1a: Lurantis
|-status|p1a: Lurantis|tox
|
|-weather|Sandstorm|[upkeep]
|-damage|p1a: Lurantis|79/100 tox|[from] Sandstorm
|-damage|p2a: Blastoise|47/100|[from] Sandstorm
|-damage|p1a: Lurantis|73/100 tox|[from] psn
|upkeep
|
|t:|1607720701
|switch|p2b: Scizor|Scizor, F|100/100
|c| ANNOTATION by Actuarily|Opponent makes the right play, sacrificing the crippled Azumarill. I think a flip turn here from Blastoise would make more sense than Toxic, as opponent could then flip turn into a priority attacker like Scizor, and then bring in Blastoise in the Ko'd Azumarill slot and Fake out.
|turn|4
|c| ANNOTATION by Actuarily|I know Gigalith can take a bullet punch, so I decide to Rock slide + Superpower the Scizor.
|
|t:|1607720717
|move|p2a: Blastoise|Follow Me|p2a: Blastoise
|-singleturn|p2a: Blastoise|move: Follow Me
|move|p1b: Gigalith|Rock Slide|p2b: Scizor|[spread] p2b
|-miss|p1b: Gigalith|p2a: Blastoise
|-damage|p2b: Scizor|36/100
|move|p1a: Lurantis|Superpower|p2a: Blastoise
|-damage|p2a: Blastoise|0 fnt
|-boost|p1a: Lurantis|atk|1
|-boost|p1a: Lurantis|def|1
|faint|p2a: Blastoise
|move|p2b: Scizor|U-turn|p1a: Lurantis
|-supereffective|p1a: Lurantis
|-damage|p1a: Lurantis|2/100 tox
|
|t:|1607720779
|switch|p2b: Landorus|Landorus, M|100/100|[from]move: U-turn
|
|-weather|Sandstorm|[upkeep]
|-damage|p1a: Lurantis|0 fnt|[from] Sandstorm
|faint|p1a: Lurantis
|upkeep
|
|t:|1607720799
|switch|p1a: Porygon2|Porygon2|100/100
|switch|p2a: Chansey|Chansey, F|94/100
|-ability|p1a: Porygon2|Download|boost
|-boost|p1a: Porygon2|atk|1
|c| ANNOTATION by Actuarily|Opponent makes the correct play here, as Blastoise would survive a rock slide and then be koed by the Superpower. Opponent wisely chooses to take out the Lurantis. I should have seen this play coming and switched into P2 here, saving my Lurantis as it's great against Chansey.
|turn|5
|c| ANNOTATION by Actuarily|I bring in P2 here, as it can take out either the Landorus or the Naganadel with Ice beam or the scizor with thunderbolt, and since there's one turn of TR left it can then be able to set up another TR. I feel extremely confident about this position.
|player|p2|
|player|p2|Zikam|lass-gen7
|
|t:|1607720972
|move|p2a: Chansey|Ally Switch|p2a: Chansey
|swap|p2a: Chansey|1|[from] move: Ally Switch
|move|p1b: Gigalith|Rock Slide|p2b: Chansey|[spread] p2b
|-miss|p1b: Gigalith|p2a: Landorus
|-damage|p2b: Chansey|63/100
|move|p1a: Porygon2|Ice Beam|p2b: Chansey
|-damage|p2b: Chansey|55/100
|move|p2a: Landorus|Earth Power|p1a: Porygon2
|-damage|p1a: Porygon2|60/100
|
|-weather|Sandstorm|[upkeep]
|-damage|p1a: Porygon2|53/100|[from] Sandstorm
|-damage|p2b: Chansey|49/100|[from] Sandstorm
|-fieldend|move: Trick Room
|upkeep
|c| ANNOTATION by Actuarily|Aaaanndd my opponent makes a fantastic play that I don't see coming. Ban Ally Switch.
|turn|6
|c| ANNOTATION by Actuarily|Now my opponent is in a really strong position, able to take out my P2 with a second earth power + Seismic toss. I also worry that my opponent may ally switch again, and instead take out my Gigalith. I try to hedge my options by trick rooming on P2, and bringing in Sylveon. If opponent takes out P2, then Sylveon is in at full health and I can bring in either Oranguru and set up another TR, or Victini and FG the Landorus. (This line of thinking is a mistake!!!) If opponent takes out Gigalith, then I've got another TR up.
|
|t:|1607720993
|switch|p1b: Sylveon|Sylveon, F|100/100
|move|p2a: Landorus|Earth Power|p1a: Porygon2
|-damage|p1a: Porygon2|9/100
|move|p2b: Chansey|Seismic Toss|p1a: Porygon2
|-damage|p1a: Porygon2|0 fnt
|faint|p1a: Porygon2
|
|-weather|none
|upkeep
|
|t:|1607721008
|switch|p1a: Victini|Victini|100/100
|c| ANNOTATION by Actuarily|Opponent wisely takes out P2, not allowing me to get up another TR.
|turn|7
|c| ANNOTATION by Actuarily|I bring in Victini, thinking I can get off a FG on Landorus. I FORGOT I TRICKED MY CHOICE SCARF MEANING LANDORUS IS FASTER. Now my opponent can Earth Power Victini, and I have nothing that can switch in on this. (oranguru can take 1, but it would be ko'ed the following turn.) I start thinking this is exactly why I don't run full room, it sucks after the first TR. (I should be spending this mental energy coming up with a plan, but this is exactly what happens when you're in a bad position, you start to panic.) I eventually decide that my only play is to V Create the Chansey and hyper Voice. I recognize that my opponent will earth power Victini to KO, and then I will bring in Oranguru for Victini and I should be able to take an earth power + seismic toss, and get up TR.
|
|t:|1607721020
|move|p2a: Landorus|Sludge Bomb|p1b: Sylveon
|-supereffective|p1b: Sylveon
|-damage|p1b: Sylveon|25/100
|move|p1a: Victini|V-create|p2b: Chansey
|-damage|p2b: Chansey|0 fnt
|-unboost|p1a: Victini|spe|1
|-unboost|p1a: Victini|def|1
|-unboost|p1a: Victini|spd|1
|faint|p2b: Chansey
|move|p1b: Sylveon|Hyper Voice|p2a: Landorus
|-damage|p2a: Landorus|0 fnt
|faint|p2a: Landorus
|
|upkeep
|
|t:|1607721026
|switch|p2a: Naganadel|Naganadel|100/100
|switch|p2b: Scizor|Scizor, F|36/100
|c| ANNOTATION by Actuarily|Instead my opponent chooses to sludge bomb the Sylveon. I think my opponent's best play was to earth power Victini, and then softboil so that Chansey would be full health and able to stall out more turns in the future. But since sludge bomb does not KO, I'm able to V-create the chansey, getting the KO, and then hyper voice at a single target, meaning it's strong enough to KO Landorus.
|turn|8
|c| ANNOTATION by Actuarily|I decide to save Victini, expecting a draco meteor on my Victini and bullet punch on Sylveon, and I need Victini to take out the Scizor. Once Naganadel is at 0.5x SPA, it isn't much of a threat anymore. So I choose to switch in Gigalith, who I know can take a Draco Meteor, and sacrifice my Sylveon, by clicking hyper voice.
|
|t:|1607721048
|switch|p1a: Gigalith|Gigalith, F|100/100
|-weather|Sandstorm|[from] ability: Sand Stream|[of] p1a: Gigalith
|move|p2a: Naganadel|Draco Meteor|p1a: Gigalith
|-damage|p1a: Gigalith|56/100
|-unboost|p2a: Naganadel|spa|2
|move|p2b: Scizor|Iron Head|p1b: Sylveon
|-supereffective|p1b: Sylveon
|-damage|p1b: Sylveon|0 fnt
|faint|p1b: Sylveon
|
|-weather|Sandstorm|[upkeep]
|-damage|p2a: Naganadel|95/100|[from] Sandstorm
|upkeep
|
|t:|1607721067
|switch|p1b: Victini|Victini|100/100
|turn|9
|c| ANNOTATION by Actuarily|From here I can just V-create the Scizor and rock slide the Naganadel to death. GG to Zikam, who's an excellent player and a great part of the doubles community.
|
|t:|1607721105
|move|p2a: Naganadel|Draco Meteor|p1b: Victini
|-damage|p1b: Victini|69/100
|-unboost|p2a: Naganadel|spa|2
|move|p1b: Victini|V-create|p2b: Scizor
|-supereffective|p2b: Scizor
|-damage|p2b: Scizor|0 fnt
|-unboost|p1b: Victini|spe|1
|-unboost|p1b: Victini|def|1
|-unboost|p1b: Victini|spd|1
|faint|p2b: Scizor
|move|p1a: Gigalith|Rock Slide|p2a: Naganadel
|-damage|p2a: Naganadel|0 fnt
|faint|p2a: Naganadel
|
|win|actuarily
|player|p2|Zikam|lass-gen7
|player|p2|

</script>
<script>
let daily = Math.floor(Date.now()/1000/60/60/24);document.write('<script src="https://play.pokemonshowdown.com/js/replay-embed.js?version'+daily+'"></'+'script>');
</script>